<?xml version="1.0" encoding="utf-8"?>
<record xmlns="http://www.loc.gov/MARC21/slim" xmlns:xsi="http://www.w3.org/2001/XMLSchema-instance" xsi:schemaLocation="http://www.loc.gov/MARC21/slim http://www.loc.gov/standards/marcxml/schema/MARC21slim.xsd">
	<leader>     nam a22     Mi 4500</leader>
	<controlfield tag="001">3372759</controlfield>
	<controlfield tag="003">NNC</controlfield>
	<controlfield tag="006">m        d        </controlfield>
	<controlfield tag="007">cr cn |||m|||a</controlfield>
	<controlfield tag="008">190409m19279999ua      o     000 0 arard</controlfield>
	<datafield ind1=" " ind2=" " tag="040">
		<subfield code="a">ZYU</subfield>
		<subfield code="b">ara</subfield>
		<subfield code="e">rda</subfield>
		<subfield code="c">ZYU</subfield>
	</datafield>
	<datafield ind1=" " ind2=" " tag="090">
		<subfield code="a">BP75</subfield>
		<subfield code="b">.J37 1927</subfield>
	</datafield>
	<datafield ind1="1" ind2=" " tag="100">
		<subfield code="6">880-01</subfield>
		<subfield code="a">Jassūs, Muḥammad ibn Qāsim,</subfield>
		<subfield code="d">1678-1768.</subfield>
	</datafield>
	<datafield ind1="1" ind2="0" tag="245">
		<subfield code="6">880-02</subfield>
		<subfield code="a">Sharḥ al-shamāʼil al-Tirmidhīyah, al-mawsūm bi-al-Fawāʼid al-jalīlah al-bahīyah ʻalá al-shamāʼil al-Muḥammadīyah /</subfield>
		<subfield code="c">li-Muḥammad ibn Qāsim Jassūs.</subfield>
	</datafield>
	<datafield ind1="3" ind2=" " tag="246">
		<subfield code="6">880-03</subfield>
		<subfield code="a">Fawāʼid al-jalīlah al-bahīyah ʻalá al-shamāʼil al-Muḥammadīyah</subfield>
	</datafield>
	<datafield ind1="3" ind2=" " tag="246">
		<subfield code="6">880-04</subfield>
		<subfield code="a">Lawāmiʻ anwār al-kawkab al-durrī</subfield>
	</datafield>
	<datafield ind1=" " ind2=" " tag="250">
		<subfield code="6">880-05</subfield>
		<subfield code="a">al-Ṭabʻah 1.</subfield>
	</datafield>
	<datafield ind1=" " ind2=" " tag="260">
		<subfield code="6">880-06</subfield>
		<subfield code="a">al-Azʹhar, Miṣr :</subfield>
		<subfield code="b">Maktabat wa-Maṭbaʻat Muḥammad ʻAlī Ṣabīḥ,</subfield>
		<subfield code="c">1927-</subfield>
	</datafield>
	<datafield ind1=" " ind2=" " tag="300">
		<subfield code="a">online resource (volumes)</subfield>
	</datafield>
	<datafield ind1=" " ind2=" " tag="336">
		<subfield code="a">text</subfield>
		<subfield code="2">rdacontent</subfield>
	</datafield>
	<datafield ind1=" " ind2=" " tag="337">
		<subfield code="a">computer</subfield>
		<subfield code="2">rdamedia</subfield>
	</datafield>
	<datafield ind1=" " ind2=" " tag="338">
		<subfield code="a">online resource</subfield>
		<subfield code="2">rdacarrier</subfield>
	</datafield>
	<datafield ind1=" " ind2=" " tag="500">
		<subfield code="a">Part of the Arabic Collections Online (ACO) project, contributed by Columbia University Libraries.</subfield>
	</datafield>
	<datafield ind1=" " ind2=" " tag="533">
		<subfield code="a">Electronic reproduction.</subfield>
		<subfield code="b">New York, N.Y. :</subfield>
		<subfield code="c">New York University,</subfield>
		<subfield code="d">2019.</subfield>
		<subfield code="5">NNU</subfield>
	</datafield>
	<datafield ind1="0" ind2="0" tag="600">
		<subfield code="a">Muḥammad,</subfield>
		<subfield code="c">Prophet,</subfield>
		<subfield code="d">-632.</subfield>
	</datafield>
	<datafield ind1="1" ind2="0" tag="600">
		<subfield code="6">880-07</subfield>
		<subfield code="a">Tirmidhī, Muḥammad ibn ʻĪsá,</subfield>
		<subfield code="d">-892.</subfield>
		<subfield code="t">Shamāʼil al-Tirmidhī.</subfield>
	</datafield>
	<datafield ind1="1" ind2="0" tag="600">
		<subfield code="6">880-08</subfield>
		<subfield code="a">Būṣīrī, Sharaf al-Dīn Muḥammad ibn Saʻīd,</subfield>
		<subfield code="d">1213?-1296?</subfield>
		<subfield code="t">Hamzīyah fī madḥ Khayr al-Barīyah.</subfield>
	</datafield>
	<datafield ind1="0" ind2="7" tag="600">
		<subfield code="a">Muḥammad,</subfield>
		<subfield code="c">Prophet,</subfield>
		<subfield code="d">-632.</subfield>
		<subfield code="2">fast</subfield>
		<subfield code="0">(OCoLC)fst01836298</subfield>
	</datafield>
	<datafield ind1="0" ind2="7" tag="630">
		<subfield code="a">Hamzīyah fī madḥ Khayr al-Barīyah (Būṣīrī, Sharaf al-Dīn Muḥammad ibn Saʻīd)</subfield>
		<subfield code="2">fast</subfield>
		<subfield code="0">(OCoLC)fst01371173</subfield>
	</datafield>
	<datafield ind1="1" ind2="2" tag="700">
		<subfield code="6">880-09</subfield>
		<subfield code="a">al-Bannīs, Muḥammad ibn Aḥmad,</subfield>
		<subfield code="d">active 1785.</subfield>
		<subfield code="t">Lawāmiʻ anwār al-kawkab al-durrī.</subfield>
	</datafield>
	<datafield ind1="2" ind2=" " tag="710">
		<subfield code="a">Columbia University.</subfield>
		<subfield code="b">Libraries.</subfield>
	</datafield>
	<datafield ind1="0" ind2=" " tag="730">
		<subfield code="a">Arabic Collections Online.</subfield>
	</datafield>
	<datafield ind1="0" ind2="8" tag="776">
		<subfield code="i">Print version:</subfield>
		<subfield code="a">Jassūs, Muḥammad ibn Qāsim, 1678-1768.</subfield>
		<subfield code="t">Sharḥ al-shamāʼil al-Tirmidhīyah, al-mawsūm bi-al-Fawāʼid al-jalīlah al-bahīyah ʻalá al-shamāʼil al-Muḥammadīyah</subfield>
		<subfield code="w">(NNC)3372759</subfield>
		<subfield code="w">(OCoLC)21065176</subfield>
	</datafield>
	<datafield ind1="4" ind2="0" tag="856">
		<subfield code="u">http://hdl.handle.net/2333.1/6wwpzqx4</subfield>
	</datafield>
	<datafield ind1="1" ind2=" " tag="880">
		<subfield code="6">100-01</subfield>
		<subfield code="a">جسوس، محمد بن قاسم،,</subfield>
		<subfield code="d">16781768.</subfield>
	</datafield>
	<datafield ind1="1" ind2="0" tag="880">
		<subfield code="6">245-02</subfield>
		<subfield code="a">شرح الشمائل الترمذية، الموسوم بالفوائد الجليلة البهية على الشمائل المحمدية /</subfield>
		<subfield code="c">لمحمد بن قاسم جسوس.</subfield>
	</datafield>
	<datafield ind1="3" ind2=" " tag="880">
		<subfield code="6">246-03</subfield>
		<subfield code="a">فوائد الجليلة البهية على الشمائل المحمدية</subfield>
	</datafield>
	<datafield ind1="3" ind2=" " tag="880">
		<subfield code="6">246-04</subfield>
		<subfield code="a">لوامع أنوار الكوكب الدري</subfield>
	</datafield>
	<datafield ind1=" " ind2=" " tag="880">
		<subfield code="6">250-05</subfield>
		<subfield code="a">الطبعة 1.</subfield>
	</datafield>
	<datafield ind1=" " ind2=" " tag="880">
		<subfield code="6">260-06</subfield>
		<subfield code="a">الأزهر، مصر :</subfield>
		<subfield code="b">مكتبة ومطبعة محمد علي صبيح،</subfield>
		<subfield code="c">1927.</subfield>
	</datafield>
	<datafield ind1="1" ind2="4" tag="880">
		<subfield code="6">600-07</subfield>
		<subfield code="a">ترمذي، محمد بن عيسى،,</subfield>
		<subfield code="d">ت. 892.</subfield>
		<subfield code="t">شمائل الترمذي.</subfield>
	</datafield>
	<datafield ind1="1" ind2="4" tag="880">
		<subfield code="6">600-08</subfield>
		<subfield code="a">بوصيري، شرف الدين محمد بن سعيد،,</subfield>
		<subfield code="d">1213؟1296؟.</subfield>
		<subfield code="t">همزية في مدح خير البرية.</subfield>
	</datafield>
	<datafield ind1="1" ind2="2" tag="880">
		<subfield code="6">700-09</subfield>
		<subfield code="a">البنيس، محمد بن احمد،,</subfield>
		<subfield code="d">حو. 1785.</subfield>
		<subfield code="t">لوامع أنوار الكوكب الدري.</subfield>
	</datafield>
	<datafield ind1=" " ind2=" " tag="959">
		<subfield code="a">NNU</subfield>
		<subfield code="b">WEB</subfield>
		<subfield code="c">GENI</subfield>
		<subfield code="t">0</subfield>
		<subfield code="m">Electronic access</subfield>
		<subfield code="s">01</subfield>
	</datafield>
	<datafield ind1=" " ind2=" " tag="999">
		<subfield code="i">NNC_3372759</subfield>
		<subfield code="o">(OCoLC)ocm21065176 </subfield>
		<subfield code="s">columbia_aco003750:v.1-2</subfield>
	</datafield>
</record>
